<?xml version="1.0" encoding="UTF-8"?><collection xmlns="http://www.loc.gov/MARC21/slim"><record><leader>00339nam--2200109-i-4500</leader><controlfield tag="001">000027118</controlfield><controlfield tag="002">20161230</controlfield><controlfield tag="005">20161230201036</controlfield><controlfield tag="008">060222s1000------------r-----000-0-eng-d</controlfield><datafield ind1=" " ind2=" " tag="245"><subfield code="a">Introducere in informarea si documentarea tehnico-stiintifica. elemente de documentare si biblioteconomie</subfield></datafield><datafield ind1=" " ind2=" " tag="260"><subfield code="a">Bucuresti, I.D.T., 1970, 283p</subfield></datafield><datafield ind1=" " ind2=" " tag="852"><subfield code="a">33697</subfield></datafield></record></collection>